@article{name1,
author = {  刘翔月 and     张哲 and     蒋励 and others},

title = {极紫外光源用大口径Mo/Si多层膜厚度控制与热稳定性研究},
journal = {中国激光},
 pages = {1-16},
issn = {0258-7025},
}    

@article{name2,
author = {  乔志刚 and     高德辛 and     张牧子 and     赵姗姗 and     巫佳利 and     苏娟 and     陈胜功 and     景超 and     刘海玲 and     杨博 and 吴锜},

title = {用于温度传感器原位在线校准的水三相点自动复现控制系统},
journal = {红外与激光工程},
 pages = {1-4},
issn = {1007-2276},
}    

