@article{PZKX201608005,
author = {柴天佑},
title = {工业过程控制系统研究现状与发展方向},
journal = {中国科学:信息科学},
volume = {46},
pages = {1003-1015},
year = {2016},
issn = {1674-7267},
}    

@book{2021过程控制系统,
  author = {曹卫华 and 何王勇 and 甘超},
  title={过程控制系统},
  isbn={9787562550143},
  year={2021},
  publisher={中国地质大学出版社}
}

@article{MOTO201811002,
author = {柴天佑},
title = {自动化科学与技术发展方向},
journal = {自动化学报},
volume = {44},
 pages = {1923-1930},
year = {2018},
issn = {0254-4156},
doi = {10.16383/j.aas.2018.c180252}
}    

@article{GZDI202005001,
author = {  黄海松 and     陈启鹏 and     李宜汀 and     姚立国 and 张松松},
title = {数字孪生技术在智能制造中的发展与应用研究综述},
journal = {贵州大学学报(自然科学版)},
volume = {37},
 pages = {1-8},
year = {2020},
issn = {1000-5269},
doi = {10.15958/j.cnki.gdxbzrb.2020.05.01}
}    

@article{过程控制的发展与展望,
author = {金以慧 and 王诗宓 and 王桂增},
title = {过程控制的发展与展望},
journal = {控制理论与应用},
year = {1997},
issn = {145-151}
}    

@article{ZGZZ2022S1004,
author = {  张梦 and     郭大亮 and     童欣 and     闻斌 and     牛昱浩 and 杨子杰},
title = {现代造纸企业数字化过程控制系统的研究进展},
journal = {中国造纸},
volume = {41},
 pages = {16-22},
year = {2022},
issn = {0254-508X}
}

@article{MOTO202010002,
author = {柴天佑},
title = {工业人工智能发展方向},
journal = {自动化学报},
volume = {46},
 pages = {2005-2012},
year = {2020},
issn = {0254-4156},
doi = {10.16383/j.aas.c200796}
}    

